<record><leader>00000cas a22000007a 4500</leader><controlfield tag="001">21438495</controlfield><controlfield tag="008">900427d18721873mdumr ne      0   c0eng c</controlfield><controlfield tag="009">8898</controlfield><datafield ind1=" " ind2=" " tag="010"><subfield code="a">sn 90057016 </subfield></datafield><datafield ind1=" " ind2=" " tag="040"><subfield code="a">MFN</subfield><subfield code="b">eng</subfield><subfield code="c">MFN</subfield><subfield code="d">OCL</subfield><subfield code="d">DLC</subfield><subfield code="d">ZCU</subfield><subfield code="d">DLC</subfield></datafield><datafield ind1=" " ind2=" " tag="012"><subfield code="l">1</subfield></datafield><datafield ind1="0" ind2=" " tag="022"><subfield code="a">2155-5419</subfield><subfield code="2">1</subfield></datafield><datafield ind1="1" ind2=" " tag="029"><subfield code="a">AU@</subfield><subfield code="b">000020225273</subfield></datafield><datafield ind1=" " ind2=" " tag="042"><subfield code="a">pcc</subfield><subfield code="a">nsdp</subfield></datafield><datafield ind1="1" ind2="0" tag="050"><subfield code="a">ISSN RECORD</subfield></datafield><datafield ind1="1" ind2="0" tag="082"><subfield code="a">051</subfield><subfield code="2">14</subfield></datafield><datafield ind1=" " ind2="4" tag="222"><subfield code="a">The American farmer and rural register</subfield></datafield><datafield ind1="0" ind2="4" tag="245"><subfield code="a">The American farmer and rural register.</subfield></datafield><datafield ind1=" " ind2=" " tag="260"><subfield code="a">Baltimore, Md. :</subfield><subfield code="b">Saml. Sands &amp; Son,</subfield></datafield><datafield ind1=" " ind2=" " tag="300"><subfield code="a">v.</subfield></datafield><datafield ind1=" " ind2=" " tag="310"><subfield code="a">Monthly</subfield></datafield><datafield ind1="0" ind2=" " tag="362"><subfield code="a">New ser. [8th], v. 1, no. 1 (Jan. 1872)-new ser. [8th], v. 2, no. 12 (Dec. 1873).</subfield></datafield><datafield ind1=" " ind2=" " tag="530"><subfield code="a">Also issued online and on microfilm from University Microfilms International (American periodical series, 1800-1850 ; 1068)</subfield></datafield><datafield ind1=" " ind2=" " tag="752"><subfield code="a">United States</subfield><subfield code="b">Maryland</subfield><subfield code="d">Baltimore.</subfield></datafield><datafield ind1="1" ind2=" " tag="776"><subfield code="t">American farmer and rural register (Online)</subfield><subfield code="w">(DLC)  2007255029</subfield><subfield code="w">(OCoLC)70683960</subfield></datafield><datafield ind1="0" ind2="0" tag="780"><subfield code="t">American farmer (Baltimore, Md. : 1849)</subfield><subfield code="x">2155-8698</subfield><subfield code="w">(DLC)sn 89060422</subfield><subfield code="w">(OCoLC)11221502</subfield></datafield><datafield ind1="0" ind2="5" tag="780"><subfield code="t">Rural register</subfield><subfield code="g">Jan. 1872</subfield><subfield code="w">(DLC)sf 98086035</subfield><subfield code="w">(OCoLC)7983722</subfield></datafield><datafield ind1="0" ind2="0" tag="785"><subfield code="t">American farmer (Baltimore, Md. : 1874)</subfield><subfield code="x">2155-8744</subfield><subfield code="w">(DLC)sn 83026143</subfield><subfield code="w">(OCoLC)3584678</subfield></datafield><datafield ind1="4" ind2="1" tag="856"><subfield code="u">http://proquest.umi.com/pqdweb?RQT=318&amp;VName=HNP&amp;pmid=41609</subfield></datafield></record>